<?xml version="1.0" encoding="UTF-8"?><record xmlns="http://www.loc.gov/MARC21/slim" xmlns:cinclude="http://apache.org/cocoon/include/1.0" xmlns:zs="http://www.loc.gov/zing/srw/">
  <leader>00804cz  a2200205n  4500</leader>
  <controlfield tag="001">no2004008298</controlfield>
  <controlfield tag="003">DLC</controlfield>
  <controlfield tag="005">20141203073743.0</controlfield>
  <controlfield tag="008">040129n| azannaabn          |a ana     c</controlfield>
  <datafield tag="010" ind1=" " ind2=" ">
    <subfield code="a">no2004008298</subfield>
    <subfield code="z">no2002002250</subfield>
  </datafield>
  <datafield tag="035" ind1=" " ind2=" ">
    <subfield code="a">(OCoLC)oca06258201</subfield>
  </datafield>
  <datafield tag="040" ind1=" " ind2=" ">
    <subfield code="a">NN</subfield>
    <subfield code="b">eng</subfield>
    <subfield code="e">rda</subfield>
    <subfield code="c">NN</subfield>
    <subfield code="d">DLC</subfield>
    <subfield code="d">NNC</subfield>
  </datafield>
  <datafield tag="110" ind1="2" ind2=" ">
    <subfield code="a">Programme des Nations Unies pour le deﾌ」eloppement au Togo</subfield>
  </datafield>
  <datafield tag="370" ind1=" " ind2=" ">
    <subfield code="c">Togo</subfield>
    <subfield code="2">naf</subfield>
  </datafield>
  <datafield tag="372" ind1=" " ind2=" ">
    <subfield code="a">Economic development</subfield>
    <subfield code="2">lcsh</subfield>
  </datafield>
  <datafield tag="377" ind1=" " ind2=" ">
    <subfield code="a">fre</subfield>
  </datafield>
  <datafield tag="410" ind1="2" ind2=" ">
    <subfield code="a">United Nations Development Programme.</subfield>
    <subfield code="b">Programme des Nations Unies pour le deﾌ」eloppement au Togo</subfield>
  </datafield>
  <datafield tag="410" ind1="2" ind2=" ">
    <subfield code="a">PNUD-Togo</subfield>
  </datafield>
  <datafield tag="510" ind1="2" ind2=" ">
    <subfield code="w">r</subfield>
    <subfield code="i">Hierarchical superior:</subfield>
    <subfield code="a">United Nations Development Programme</subfield>
  </datafield>
  <datafield tag="670" ind1=" " ind2=" ">
    <subfield code="a">Rapport sur le deﾌ」eloppement humain au Togo, 1998:</subfield>
    <subfield code="b">t.p. (Programme des Nations Unies pour le deﾌ」eloppement) p. vii (PNUD-TOGO)</subfield>
  </datafield>
</record>